@article{SymExec-King-10.1145/360248.360252,
    author = {King, James C.},
    title = {Symbolic execution and program testing},
    year = {1976},
    issue_date = {July 1976},
    publisher = {Association for Computing Machinery},
    address = {New York, NY, USA},
    volume = {19},
    number = {7},
    issn = {0001-0782},
    url = {https://doi.org/10.1145/360248.360252},
    doi = {10.1145/360248.360252},
    journal = {Commun. ACM},
    month = {jul},
    pages = {385–394},
    numpages = {10},
    keywords = {program debugging, program proving, program testing, program verification, symbolic execution, symbolic interpretation}
}

@article{SurveySymExec-CSUR18,
    author = {Baldoni, Roberto and Coppa, Emilio and D'Elia, Daniele Cono and Demetrescu, Camil and Finocchi, Irene},
    title = {A Survey of Symbolic Execution Techniques},
    journal = {ACM Comput. Surv.},
    volume = {51},
    number = {3},
    articleno = {50},
    publisher = {ACM},
    address = {New York, NY, USA},
    year = {2018}
}

@mastersthesis{BFS/DFS-StrahinjaStanojevic,
    author = {Strahinja Stanojević},
    title = {Proširivanje alata KLEE naprednim algoritmom pretrage stabla izvršavanja programa},
    school = {University of Belgrade, Faculty of Mathematics},
    year = {2020}
}

@inproceedings{KLEE-paper-10.5555/1855741.1855756,
    author = {Cadar, Cristian and Dunbar, Daniel and Engler, Dawson},
    title = {KLEE: unassisted and automatic generation of high-coverage tests for complex systems programs},
    year = {2008},
    publisher = {USENIX Association},
    address = {USA},
    booktitle = {Proceedings of the 8th USENIX Conference on Operating Systems Design and Implementation},
    pages = {209–224},
    numpages = {16},
    location = {San Diego, California},
    series = {OSDI'08}
}
